@misc{Predictalot,
  title = {{Predictalot!} (and we mean a lot)},
  howpublished = {\url{http://blog.oddhead.com/2010/03/05/predictalot/}},
  note = {Accessed: 2020-02-16}
}

@article{VCGNPhard,
	author = {Nisan, Noam and Ronen, Amir},
	title = {{Computationally} {Feasible} {VCG} {Mechanisms}},
	year = {2007},
	issue_date = {May 2007},
	publisher = {AI Access Foundation},
	address = {El Segundo, CA, USA},
	volume = {29},
	number = {1},
	issn = {1076-9757},
	journal = {J. Artif. Int. Res.},
	month = may,
	pages = {19–47},
	numpages = {29}
}

@inproceedings{AMD,
	author = {Nisan, Noam and Ronen, Amir},
	title = {Algorithmic Mechanism Design (Extended Abstract)},
	year = {1999},
	isbn = {1581130678},
	publisher = {Association for Computing Machinery},
	address = {New York, NY, USA},
	url = {https://doi.org/10.1145/301250.301287},
	doi = {10.1145/301250.301287},
	booktitle = {Proceedings of the Thirty-First Annual ACM Symposium on Theory
		of Computing},
	pages = {129–140},
	numpages = {12},
	location = {Atlanta, Georgia, USA},
	series = {STOC ’99}
}
